<?xml version="1.0" encoding="UTF-8"?><collection xmlns="http://www.loc.gov/MARC21/slim"><record><leader>00436nam--2200169-i-4500</leader><controlfield tag="001">000034232</controlfield><controlfield tag="002">20161230</controlfield><controlfield tag="005">20170128201438</controlfield><controlfield tag="008">060222s1000------------r-----000-0-eng-d</controlfield><datafield ind1=" " ind2=" " tag="100"><subfield code="a">Mullineux, N</subfield></datafield><datafield ind1=" " ind2=" " tag="245"><subfield code="a">Mathematics in physics and engineering</subfield></datafield><datafield ind1=" " ind2=" " tag="260"><subfield code="a">New York</subfield><subfield code="b">Academic Press</subfield><subfield code="c">1959</subfield></datafield><datafield ind1=" " ind2=" " tag="300"><subfield code="a">XVII + 883 p</subfield></datafield><datafield ind1=" " ind2=" " tag="490"><subfield code="a">Pure And Applied Physics</subfield></datafield><datafield ind1=" " ind2=" " tag="700"><subfield code="a">Irving, J</subfield></datafield><datafield ind1=" " ind2=" " tag="852"><subfield code="a">13428</subfield></datafield><datafield ind1=" " ind2=" " tag="CAT"><subfield code="a">SYS</subfield><subfield code="c">20170128</subfield><subfield code="h">201438</subfield></datafield></record></collection>